<record><leader>00000cas a22000007a 4500</leader><controlfield tag="001">19366487</controlfield><controlfield tag="008">890315d18831883aruwr ne      0    0eng d</controlfield><datafield ind1=" " ind2=" " tag="010"><subfield code="a">sn 89051091 </subfield></datafield><datafield ind1=" " ind2=" " tag="040"><subfield code="a">ANU</subfield><subfield code="b">eng</subfield><subfield code="c">ANU</subfield><subfield code="d">OCLCQ</subfield></datafield><datafield ind1=" " ind2=" " tag="042"><subfield code="a">msc</subfield></datafield><datafield ind1="0" ind2=" " tag="130"><subfield code="a">Eureka Springs times (Eureka Springs, Ark. : 1883)</subfield></datafield><datafield ind1="1" ind2="0" tag="245"><subfield code="a">Eureka Springs times.</subfield></datafield><datafield ind1=" " ind2=" " tag="260"><subfield code="a">Eureka Springs, Carroll County, Ark. :</subfield><subfield code="b">Spear &amp; Perry.</subfield></datafield><datafield ind1=" " ind2=" " tag="300"><subfield code="a">v.</subfield></datafield><datafield ind1=" " ind2=" " tag="310"><subfield code="a">Weekly</subfield></datafield><datafield ind1="1" ind2=" " tag="362"><subfield code="a">Began in 1883? Ceased in 1886?</subfield></datafield><datafield ind1=" " ind2=" " tag="588"><subfield code="a">Description based on: Vol. 2, no. 9 (Apr. 12, 1883).</subfield></datafield><datafield ind1=" " ind2=" " tag="752"><subfield code="a">United States</subfield><subfield code="b">Arkansas</subfield><subfield code="c">Carroll</subfield><subfield code="d">Eureka Springs.</subfield></datafield><datafield ind1="0" ind2="0" tag="785"><subfield code="t">Times (Eureka Springs, Ark. : 1884)</subfield><subfield code="w">(DLC)sn 89051328</subfield></datafield></record>